<?xml version="1.0" encoding="UTF-8"?><collection xmlns="http://www.loc.gov/MARC21/slim"><record><leader>00438nam--2200157-i-4500</leader><controlfield tag="001">000031757</controlfield><controlfield tag="002">20161230</controlfield><controlfield tag="005">20170118005805</controlfield><controlfield tag="008">060222s1000------------r-----000-0-eng-d</controlfield><datafield ind1=" " ind2=" " tag="245"><subfield code="a">Lectures on particles and field th</subfield></datafield><datafield ind1=" " ind2=" " tag="260"><subfield code="a">Englewoow, Cliffs</subfield><subfield code="b">Prentice-hall, Inc</subfield><subfield code="c">1964</subfield></datafield><datafield ind1=" " ind2=" " tag="300"><subfield code="a">V+? p</subfield></datafield><datafield ind1=" " ind2=" " tag="490"><subfield code="a">Brandeis Summer Inst.In Theoretical Ph.,1963</subfield></datafield><datafield ind1=" " ind2=" " tag="700"><subfield code="a">Lichtenberg, Don B</subfield></datafield><datafield ind1=" " ind2=" " tag="852"><subfield code="a">21808</subfield></datafield><datafield ind1=" " ind2=" " tag="CAT"><subfield code="a">SYS</subfield><subfield code="c">20170118</subfield><subfield code="h">005805</subfield></datafield></record></collection>